@article{zeng2019energy,
  title={Energy minimization for wireless communication with rotary-wing UAV},
  author={Zeng, Yong and Xu, Jie and Zhang, Rui},
  journal={IEEE transactions on wireless communications},
  volume={18},
  number={4},
  pages={2329--2345},
  year={2019},
  publisher={IEEE}
},